<record><leader>00000cas a22000007a 4500</leader><controlfield tag="001">25249068</controlfield><controlfield tag="008">920210d1917191uohuer ne      0    0eng d</controlfield><datafield ind1=" " ind2=" " tag="010"><subfield code="a">sn 92063939 </subfield></datafield><datafield ind1=" " ind2=" " tag="040"><subfield code="a">RHN</subfield><subfield code="b">eng</subfield><subfield code="c">RHN</subfield><subfield code="d">OCLCQ</subfield><subfield code="d">OCLCO</subfield></datafield><datafield ind1="1" ind2=" " tag="029"><subfield code="a">AU@</subfield><subfield code="b">000025907972</subfield></datafield><datafield ind1=" " ind2=" " tag="042"><subfield code="a">msc</subfield></datafield><datafield ind1="0" ind2=" " tag="130"><subfield code="a">American issue (Westerville, Ohio : Rhode Island ed.)</subfield></datafield><datafield ind1="1" ind2="4" tag="245"><subfield code="a">The American issue.</subfield></datafield><datafield ind1=" " ind2=" " tag="250"><subfield code="a">Rhode Island ed.</subfield></datafield><datafield ind1=" " ind2=" " tag="260"><subfield code="a">Westerville, Ohio :</subfield><subfield code="b">American Issue Pub. Co.</subfield></datafield><datafield ind1=" " ind2=" " tag="300"><subfield code="a">v.</subfield></datafield><datafield ind1=" " ind2=" " tag="310"><subfield code="a">Biweekly</subfield></datafield><datafield ind1="0" ind2=" " tag="362"><subfield code="a">Vol. 1, no. 1 (Mar. 31, 1917)-</subfield></datafield><datafield ind1=" " ind2=" " tag="550"><subfield code="a">Organ of the Rhode Island Anti-Saloon League.</subfield></datafield><datafield ind1=" " ind2="4" tag="651"><subfield code="a">Providence (R.I.)</subfield><subfield code="v">Newspapers.</subfield></datafield><datafield ind1=" " ind2="4" tag="651"><subfield code="a">Westerville (Ohio)</subfield><subfield code="v">Newspapers.</subfield></datafield><datafield ind1="2" ind2=" " tag="710"><subfield code="a">Rhode Island Anti-Saloon League.</subfield></datafield><datafield ind1=" " ind2=" " tag="752"><subfield code="a">United States</subfield><subfield code="b">Ohio</subfield><subfield code="c">Franklin</subfield><subfield code="d">Westerville.</subfield></datafield></record>